<?xml version="1.0" encoding="UTF-8"?><collection xmlns="http://www.loc.gov/MARC21/slim"><record><leader>00394nam--2200145-i-4500</leader><controlfield tag="001">000010447</controlfield><controlfield tag="002">20161230</controlfield><controlfield tag="005">20161230201028</controlfield><controlfield tag="008">060222s1000------------r-----000-0-eng-d</controlfield><datafield ind1=" " ind2=" " tag="080"><subfield code="a">338.984.4</subfield></datafield><datafield ind1=" " ind2=" " tag="100"><subfield code="a">Anghel, Iosif</subfield></datafield><datafield ind1=" " ind2=" " tag="245"><subfield code="a">Organisme economice internationale</subfield></datafield><datafield ind1=" " ind2=" " tag="260"><subfield code="a">Bucuresti, Institutul Central De Documentare Tehnica, 1971 92 P</subfield></datafield><datafield ind1=" " ind2=" " tag="490"><subfield code="a">Sinteza Documentara</subfield></datafield><datafield ind1=" " ind2=" " tag="852"><subfield code="a">37771</subfield></datafield></record></collection>